@article{LIU202412,
title = {Research progress and prospects of intelligent technology in underground mining of hard rock mines},
journal = {Green and Smart Mining Engineering},
volume = {1},
number = {1},
pages = {12-26},
year = {2024},
issn = {2950-5550},
doi = {https://doi.org/10.1016/j.gsme.2024.03.007},
url = {https://www.sciencedirect.com/science/article/pii/S2950555024000107},
author = {Xiaobo Liu and Xingfan Zhang and Liancheng Wang and Fuming Qu and Anlin Shao and Lingyu Zhao and Huaiyuan Wang and Xingtong Yue and Yizhuo Li and Wenzhen Yan and Jiang He},
keywords = {Hard rock mines, Underground mining, Intelligent mining, Intelligent sensing, Fault diagnosis, Smart monitoring},
}

@ARTICLE{10081221,
  author={Lasantha, Likitha and Karmakar, Nemai C. and Ray, Biplob},
  journal={IEEE Sensors Journal}, 
  title={Chipless RFID Sensors for IoT Sensing and Potential Applications in Underground Mining—A Review}, 
  year={2023},
  volume={23},
  number={9},
  pages={9033-9048},
  keywords={Sensors;Radiofrequency identification;Internet of Things;Resonators;Data mining;Wireless sensor networks;Wireless communication;Chipless RFID sensors;Internet of Things (IoT);radio frequency identification (RFID);sensory tag;underground mining},
  doi={10.1109/JSEN.2023.3259973}
}

@ARTICLE{9536741,
  author={Seguel, Fabián and Palacios-Játiva, Pablo and Azurdia-Meza, Cesar A. and Krommenacker, Nicolas and Charpentier, Patrick and Soto, Ismael},
  journal={IEEE Sensors Journal}, 
  title={Underground Mine Positioning: A Review}, 
  year={2022},
  volume={22},
  number={6},
  pages={4755-4771},
  keywords={Fuel processing industries;Safety;Location awareness;Sensors;Ores;Accidents;Wireless communication;Indoor positioning;underground mines;industry 4.0},
  doi={10.1109/JSEN.2021.3112547}
}

﻿@Article{RayChowdhury2021,
author={RayChowdhury, Ankita and Pramanik, Ankita and Roy, Gopal Chandra},
title={New approach for localization and smart data transmission inside underground mine environment},
journal={SN Applied Sciences},
year={2021},
month={May},
volume={3},
number={6},
pages={604},
issn={2523-3971},
doi={10.1007/s42452-021-04589-2},
url={https://doi.org/10.1007/s42452-021-04589-2}
}

﻿@Article{Sharma2018,
author={Sharma, Mayank and Maity, Tanmoy},
title={Low Cost Low Power Smart Helmet for Real-Time Remote Underground Mine Environment Monitoring},
journal={Wireless Personal Communications},
year={2018},
month={Sep},
volume={102},
number={1},
pages={149-162},
issn={1572-834X},
doi={10.1007/s11277-018-5831-1},
url={https://doi.org/10.1007/s11277-018-5831-1}
}

@article{Morshedlou2023,
author = {Morshedlou, Amid and Rostami, Jamal and Moradian, Omid},
year = {2023},
month = {12},
pages = {},
title = {Introducing a New Model for Prediction of Mean Cutting Forces Acting on Conical Pick Cutters},
volume = {57},
journal = {Rock Mechanics and Rock Engineering},
doi = {10.1007/s00603-023-03636-1}
}

@article{WANG2018210,
title = {Experimental investigation of hard rock fragmentation using a conical pick on true triaxial test apparatus},
journal = {Tunnelling and Underground Space Technology},
volume = {79},
pages = {210-223},
year = {2018},
issn = {0886-7798},
doi = {https://doi.org/10.1016/j.tust.2018.05.006},
url = {https://www.sciencedirect.com/science/article/pii/S0886779818300877},
author = {Shaofeng Wang and Xibing Li and Kun Du and Shanyong Wang},
keywords = {Hard rock fragmentation, Conicalpick, Peak cutting force, Insertion depth, Cuttability-improved approach},
}


@Article{s23239521,
AUTHOR = {Miao, Bing and Li, Yunwang and Guo, Yinan and You, Xiusong and Ge, Shirong},
TITLE = {Design and Experimental Results of a Three-Dimensional Force Sensor for Shearer Cutting Pick Force Monitoring},
JOURNAL = {Sensors},
VOLUME = {23},
YEAR = {2023},
NUMBER = {23},
URL = {https://www.mdpi.com/1424-8220/23/23/9521},
ISSN = {1424-8220},
DOI = {10.3390/s23239521}
}

@article{Li2018ATM,
  title={A Theoretical Model for Estimating the Peak Cutting Force of Conical Picks},
  author={Xuefeng Li and Shibo Wang and Shi-rong Ge and Reza Malekian and Zhixiong Li and Zhixiong Li},
  journal={Experimental Mechanics},
  year={2018},
  volume={58},
  pages={709-720},
  url={https://api.semanticscholar.org/CorpusID:139758392}
}

@ARTICLE{Pawlik2022-cj,
  title= "The Volumetric Wear Assessment of a Mining Conical Pick Using the Photogrammetric Approach",
  author   = "Pawlik, Jan and Wr{\'o}blewska-Pawlik, Aleksandra and Bembenek, Micha{\l}",
  journal  = "Materials (Basel)",
  volume   =  {15},
  number   =  {16},
  month    =  {8},
  year     =  {2022},
  address  = "Switzerland",
  keywords = "conical pick; hardfacing; mining; photogrammetric method; photogrammetry",
  language = "en"
}
