@MISC{11124/13192,
	year = {1952},
	author = {Gray, Allen D.},
	title = {New types of drill rounds for development openings},
	publisher = {Colorado School of Mines. Arthur Lakes Library},
	url = {http://hdl.handle.net/11124/13192}
}

@MISC{11124/16423,
	year = {1946},
	author = {Moore, Augustus L.},
	title = {Investigation of rock drill bits, An},
	publisher = {Colorado School of Mines. Arthur Lakes Library},
	url = {http://hdl.handle.net/11124/16423}
}

@MISC{11124/14359,
	year = {1981},
	author = {Selcuk, Sakir},
	title = {Analysis of coefficient of rock strength and measurement of percussive penetration rates and bit wear},
	publisher = {Colorado School of Mines. Arthur Lakes Library},
	url = {http://hdl.handle.net/11124/14359}
}

@MISC{11124/176345,
	year = {1948},
	author = {Singh, Param Jit},
	title = {Study of the development of rock drill bits with special reference to the Calumet and Hecla Copper Company bits, A},
	publisher = {Colorado School of Mines. Arthur Lakes Library},
	url = {https://hdl.handle.net/11124/176345}
}

@MISC{11124/170545,
	year = {2003},
	author = {Miller, Benjamin Hopkins},
	title = {Smartbit: in-situ bit/rock interface monitoring device},
	publisher = {Colorado School of Mines. Arthur Lakes Library},
	url = {http://hdl.handle.net/11124/170545}
}